@Book{xie2015,
  title = {Dynamic Documents with {R} and knitr},
  author = {YIHUI XIE},
  publisher = {Chapman and Hall/CRC},
  address = {Boca Raton, Florida},
  year = {2015},
  edition = {2nd},
  note = {ISBN 978-1498716963},
  url = {http://yihui.org/knitr/},
}

@Book{INC,
  title = {Instrução Normativa Conjunta nº 02 de 07 de fevereiro de 2018},
  author = {BRASIL},
  publisher = {Diário Oficial da União},
  address = {Poder Executivo, Brasília, DF},
  year = {2018},
  edition = {DOU 08/02/2018, SEÇÃO 1, PÁGINA 148.},
  note = {},
  url = {http://sistemasweb.agricultura.gov.br/sislegis/action/detalhaAto.do?method=visualizarAtoPortalMapa&chave=1000872877},
}

@Book{REQ,
  title = {Instrução Normativa nº 69 de 06 de novembro de 2018},
  author = {BRASIL},
  publisher = {Diário Oficial da União},
  address = {Poder Executivo, Brasília, DF},
  year = {2018},
  edition = {D.O.U. DE 16/11/2018, SEÇÃO 1 PÁGINA 28.},
  note = {},
  url = {http://sistemasweb.agricultura.gov.br/sislegis/action/detalhaAto.do?method=visualizarAtoPortalMapa&chave=1758841719},
}

@Book{REF,
  title = {Referencial Fotográfico da Instrução Normativa nº 69 de 06 de novembro de 2018},
  author = {BRASIL},
  publisher = {},
  address = {Poder Executivo, Brasília, DF},
  year = {2019},
  edition = {},
  note = {},
  url = {https://www.gov.br/agricultura/pt-br/assuntos/inspecao/produtos-vegetal/arquivos/referencial-fotografico/referencial-fotografico},
}

@Book{FiscREQ,
  title = {Instrução Normativa nº 07 de 13 de maio de 2019},
  author = {BRASIL},
  publisher = {Diário Oficial da União},
  address = {Poder Executivo, Brasília, DF},
  year = {2019},
  edition = {DOU 23/05/2019, SEÇÃO 1, PÁGINA 04.},
  note = {},
  url = {http://sistemasweb.agricultura.gov.br/sislegis/action/detalhaAto.do?method=visualizarAtoPortalMapa&chave=586322472},
}

@Book{Lei,
  title = {Lei nº 9.972 de 25 de maio de 2000},
  author = {BRASIL},
  publisher = {Diário Oficial da União},
  address = {Poder Executivo, Brasília, DF},
  year = {2000},
  edition = {DOU 26/05/2000, SEÇÃO 1, PÁGINA 01.},
  note = {},
  url = {https://www.planalto.gov.br/ccivil_03/leis/l9972.htm},
}

@Book{Decr,
  title = {Decreto nº 6.268 de 22 de novembro de 2007},
  author = {BRASIL},
  publisher = {Diário Oficial da União},
  address = {Poder Executivo, Brasília, DF},
  year = {2007},
  edition = {DOU de 23/11/2007 , SEÇÃO 1, PÁGINA 24, retificado em DOU de 12/12/2007, SEÇÃO 1, PÁGINA 29.},
  note = {},
  url = {http://www.planalto.gov.br/ccivil_03/_Ato2007-2010/2007/Decreto/D6268.htm},
}
